@book{,
    title = {},
    author = {},
    isbn = {},
    edition  = {},
    year = {},
    publisher = {}
}

@article{,
    author = {},
    title = {},
    journal = {},
    volume = {},
    number = {},
    year = {},
    pages = {},
    abstract = {},
    url = {},
    note = {}
}

@techreport{,
    author = {},
    title = {},
    year = {},
    url = {},
    note = {}
}

@misc{,
    author = {},
    title = {},
    year = {},
    url = {},
    note = {}
}
@misc{android_adb,
    author = {Android},
    title = {Android Debug Bridge},
    year = {2015},
    url = {http://developer.android.com/tools/help/adb.html},
    note = {Last seen: 13-02-2015}
}